[gd_scene load_steps=20 format=2]

[ext_resource path="res://addons/wing-components/scripts/behaviours/MoveForward2D.cs" type="Script" id=1]
[ext_resource path="res://addons/wing-components/scripts/behaviours/LookAtNode2D.cs" type="Script" id=2]
[ext_resource path="res://godot.png" type="Texture" id=3]
[ext_resource path="res://addons/wing-components/scripts/behaviours/Destroy.cs" type="Script" id=4]
[ext_resource path="res://addons/wing-components/scripts/signals/MapSignalToNoArgumentSignal.cs" type="Script" id=5]
[ext_resource path="res://addons/wing-components/scripts/data/NumberData.cs" type="Script" id=6]
[ext_resource path="res://addons/wing-components/scripts/signals/NumberConditionSignal.cs" type="Script" id=7]
[ext_resource path="res://addons/wing-components/scripts/signals/NodeIdentifierSignal.cs" type="Script" id=8]
[ext_resource path="res://animations/enemy_damage.tres" type="Animation" id=9]
[ext_resource path="res://animations/enemy_idle.tres" type="Animation" id=10]
[ext_resource path="res://addons/wing-components/scripts/behaviours/AnimationTreeTavel.cs" type="Script" id=11]
[ext_resource path="res://addons/wing-components/scripts/data/NumberDBusData.cs" type="Script" id=12]

[sub_resource type="RectangleShape2D" id=1]
extents = Vector2( 30.7799, 31.4178 )

[sub_resource type="AnimationNodeAnimation" id=2]
animation = "enemy_damage"

[sub_resource type="AnimationNodeAnimation" id=3]
animation = "enemy_idle"

[sub_resource type="AnimationNodeStateMachineTransition" id=4]

[sub_resource type="AnimationNodeStateMachineTransition" id=5]
switch_mode = 2
auto_advance = true

[sub_resource type="AnimationNodeStateMachine" id=6]
states/enemy_damage/node = SubResource( 2 )
states/enemy_damage/position = Vector2( 486, 117 )
states/enemy_idle/node = SubResource( 3 )
states/enemy_idle/position = Vector2( 208, 117 )
transitions = [ "enemy_idle", "enemy_damage", SubResource( 4 ), "enemy_damage", "enemy_idle", SubResource( 5 ) ]
start_node = "enemy_idle"
graph_offset = Vector2( -96, -24 )

[sub_resource type="AnimationNodeStateMachinePlayback" id=7]

[node name="enemy" type="Node2D"]
__meta__ = {
"_edit_group_": true
}

[node name="Health" type="Node" parent="."]
script = ExtResource( 6 )
Value = 100.0

[node name="Number Signal" type="Node" parent="Health"]
script = ExtResource( 7 )
Condition = 2
Value = 1.0

[node name="Player_Score" type="Node" parent="."]
script = ExtResource( 12 )
DataBusId = "player_score"
EmitSignalOnEnable = false

[node name="Data Bus Node Identifier Signal" type="Node" parent="."]
script = ExtResource( 8 )
DataBusId = "player_node"

[node name="Look At Node 2D" type="Node" parent="."]
script = ExtResource( 2 )
Node2D = NodePath("")

[node name="Move Forward 2D" type="Node" parent="."]
script = ExtResource( 1 )
Rate = 150.0

[node name="Destroy" type="Node" parent="."]
script = ExtResource( 4 )

[node name="Area2D" type="Area2D" parent="."]
collision_layer = 4
collision_mask = 3

[node name="Map Signal To A No Argument Signal" type="Node" parent="Area2D"]
script = ExtResource( 5 )

[node name="CollisionShape2D" type="CollisionShape2D" parent="Area2D"]
shape = SubResource( 1 )

[node name="art" type="Node2D" parent="."]

[node name="Sprite" type="Sprite" parent="art"]
modulate = Color( 0.976471, 0.337255, 0.027451, 1 )
rotation = 1.5708
texture = ExtResource( 3 )

[node name="AnimationPlayer" type="AnimationPlayer" parent="art"]
autoplay = "enemy_idle"
anims/enemy_damage = ExtResource( 9 )
anims/enemy_idle = ExtResource( 10 )

[node name="AnimationTree" type="AnimationTree" parent="art"]
tree_root = SubResource( 6 )
anim_player = NodePath("../AnimationPlayer")
active = true
parameters/playback = SubResource( 7 )

[node name="Animation Tree State Machine Travel - Damage" type="Node" parent="art/AnimationTree"]
script = ExtResource( 11 )
StateName = "enemy_damage"
[connection signal="OnTrue" from="Health/Number Signal" to="Destroy" method="Execute"]
[connection signal="OnTrue" from="Health/Number Signal" to="Player_Score" method="Add" binds= [ 10 ]]
[connection signal="OnNodePathChange" from="Data Bus Node Identifier Signal" to="Look At Node 2D" method="Set"]
[connection signal="area_entered" from="Area2D" to="Area2D/Map Signal To A No Argument Signal" method="Fire"]
[connection signal="OnEvent" from="Area2D/Map Signal To A No Argument Signal" to="art/AnimationTree/Animation Tree State Machine Travel - Damage" method="Execute"]
[connection signal="OnEvent" from="Area2D/Map Signal To A No Argument Signal" to="Health" method="Add" binds= [ -50 ]]
