[gd_scene load_steps=23 format=2]

[ext_resource path="res://addons/wing-components/scripts/behaviours/LookAtMouse2D.cs" type="Script" id=1]
[ext_resource path="res://addons/wing-components/scripts/behaviours/Instantiate.cs" type="Script" id=2]
[ext_resource path="res://addons/wing-components/scripts/signals/InputSignal.cs" type="Script" id=3]
[ext_resource path="res://addons/wing-components/scripts/behaviours/Translate2D.cs" type="Script" id=4]
[ext_resource path="res://godot.png" type="Texture" id=5]
[ext_resource path="res://prefab/bullet.tscn" type="PackedScene" id=6]
[ext_resource path="res://addons/wing-components/scripts/signals/MapSignalToNoArgumentSignal.cs" type="Script" id=7]
[ext_resource path="res://addons/wing-components/scripts/behaviours/Destroy.cs" type="Script" id=8]
[ext_resource path="res://addons/wing-components/scripts/behaviours/NodeIdentifier.cs" type="Script" id=9]
[ext_resource path="res://addons/wing-components/scripts/data/NumberDBusData.cs" type="Script" id=10]
[ext_resource path="res://addons/wing-components/scripts/signals/NumberConditionSignal.cs" type="Script" id=11]
[ext_resource path="res://addons/wing-components/scripts/behaviours/AnimationTreeTavel.cs" type="Script" id=12]
[ext_resource path="res://addons/wing-components/scripts/data/StringDBusData.cs" type="Script" id=13]

[sub_resource type="Animation" id=1]
resource_name = "player_damage"
tracks/0/type = "value"
tracks/0/path = NodePath("Body:visible")
tracks/0/interp = 0
tracks/0/loop_wrap = true
tracks/0/imported = false
tracks/0/enabled = true
tracks/0/keys = {
"times": PoolRealArray( 0, 0.1, 0.2, 0.3, 0.4, 0.5, 0.6 ),
"transitions": PoolRealArray( 1, 1, 1, 1, 1, 1, 1 ),
"update": 0,
"values": [ false, true, false, true, false, true, false ]
}

[sub_resource type="Animation" id=2]
resource_name = "player_idle"
length = 0.1
tracks/0/type = "value"
tracks/0/path = NodePath("../Area2D/CollisionShape2D:disabled")
tracks/0/interp = 0
tracks/0/loop_wrap = true
tracks/0/imported = false
tracks/0/enabled = true
tracks/0/keys = {
"times": PoolRealArray( 0, 0.6 ),
"transitions": PoolRealArray( 1, 1 ),
"update": 0,
"values": [ false, false ]
}
tracks/1/type = "value"
tracks/1/path = NodePath("Body:visible")
tracks/1/interp = 1
tracks/1/loop_wrap = true
tracks/1/imported = false
tracks/1/enabled = true
tracks/1/keys = {
"times": PoolRealArray( 0 ),
"transitions": PoolRealArray( 1 ),
"update": 0,
"values": [ true ]
}

[sub_resource type="AnimationNodeAnimation" id=3]
animation = "player_damage"

[sub_resource type="AnimationNodeAnimation" id=4]
animation = "player_idle"

[sub_resource type="AnimationNodeStateMachineTransition" id=5]
switch_mode = 2

[sub_resource type="AnimationNodeStateMachineTransition" id=6]
switch_mode = 2
auto_advance = true

[sub_resource type="AnimationNodeStateMachine" id=7]
states/damage/node = SubResource( 3 )
states/damage/position = Vector2( 549, 150 )
states/idle/node = SubResource( 4 )
states/idle/position = Vector2( 310, 150 )
transitions = [ "idle", "damage", SubResource( 5 ), "damage", "idle", SubResource( 6 ) ]
start_node = "idle"

[sub_resource type="AnimationNodeStateMachinePlayback" id=8]

[sub_resource type="RectangleShape2D" id=9]
extents = Vector2( 29.3138, 29.1287 )

[node name="player_controlled" type="Position2D"]

[node name="Destroy" type="Node" parent="."]
script = ExtResource( 8 )

[node name="game_state" type="Node" parent="."]
script = ExtResource( 13 )
DataBusId = "game_state"
EmitSignalOnEnable = false

[node name="Node Identifier" type="Node" parent="."]
script = ExtResource( 9 )
TargetNodePath = NodePath("../tank")
DataBusId = "player_node"

[node name="inputs" type="Node" parent="."]

[node name="shoot" type="Node" parent="inputs"]
script = ExtResource( 3 )
Action = "player_shoot"
HoldRepeatIntervalSec = 0.1

[node name="up" type="Node" parent="inputs"]
script = ExtResource( 3 )
Action = "ui_up"

[node name="down" type="Node" parent="inputs"]
script = ExtResource( 3 )
Action = "ui_down"

[node name="right" type="Node" parent="inputs"]
script = ExtResource( 3 )
Action = "ui_right"

[node name="left" type="Node" parent="inputs"]
script = ExtResource( 3 )
Action = "ui_left"

[node name="data" type="Node" parent="."]

[node name="health dbus" type="Node" parent="data"]
script = ExtResource( 10 )
Default = 100.0
DataBusId = "player_health"

[node name="signal" type="Node" parent="data/health dbus"]
script = ExtResource( 11 )
TargetNodePath = NodePath("../../health dbus")
Condition = 2
Value = 1.0

[node name="tank" type="Node2D" parent="."]
__meta__ = {
"_edit_group_": true
}

[node name="art_root" type="Node2D" parent="tank"]

[node name="Body" type="Sprite" parent="tank/art_root"]
texture = ExtResource( 5 )

[node name="cannon" type="Node2D" parent="tank/art_root"]

[node name="Cannon" type="Sprite" parent="tank/art_root/cannon"]
position = Vector2( 40, 0 )
scale = Vector2( 0.5, 0.5 )
texture = ExtResource( 5 )

[node name="Position2D" type="Position2D" parent="tank/art_root/cannon"]
position = Vector2( 55, 0 )

[node name="AnimationPlayer" type="AnimationPlayer" parent="tank/art_root"]
anims/player_damage = SubResource( 1 )
anims/player_idle = SubResource( 2 )

[node name="AnimationTree" type="AnimationTree" parent="tank/art_root"]
tree_root = SubResource( 7 )
anim_player = NodePath("../AnimationPlayer")
active = true
parameters/playback = SubResource( 8 )

[node name="Animation Tree State Machine Travel - Damage" type="Node" parent="tank/art_root/AnimationTree"]
script = ExtResource( 12 )
StateName = "damage"

[node name="Instantiate_bullet" type="Node" parent="tank"]
script = ExtResource( 2 )
TargetNodePath = NodePath("../art_root/cannon/Position2D")
Prefab = ExtResource( 6 )
ParentToTarget = false

[node name="Look At Mouse 2D" type="Node" parent="tank"]
script = ExtResource( 1 )
TargetNodePath = NodePath("../art_root/cannon")

[node name="Translate2D" type="Node" parent="tank"]
script = ExtResource( 4 )
Modifier = 400.0

[node name="Area2D" type="Area2D" parent="tank"]
collision_mask = 4

[node name="CollisionShape2D" type="CollisionShape2D" parent="tank/Area2D"]
shape = SubResource( 9 )

[node name="Map Signal To A No Argument Signal" type="Node" parent="tank/Area2D"]
script = ExtResource( 7 )
[connection signal="OnHold" from="inputs/shoot" to="tank/Instantiate_bullet" method="Execute"]
[connection signal="OnHold" from="inputs/up" to="tank/Translate2D" method="Set" binds= [ Vector2( 0, -1 ) ]]
[connection signal="OnHold" from="inputs/down" to="tank/Translate2D" method="Set" binds= [ Vector2( 0, 1 ) ]]
[connection signal="OnHold" from="inputs/right" to="tank/Translate2D" method="Set" binds= [ Vector2( 1, 0 ) ]]
[connection signal="OnHold" from="inputs/left" to="tank/Translate2D" method="Set" binds= [ Vector2( -1, 0 ) ]]
[connection signal="OnTrue" from="data/health dbus/signal" to="Destroy" method="Execute"]
[connection signal="OnTrue" from="data/health dbus/signal" to="game_state" method="set_Value" binds= [ "gameover" ]]
[connection signal="area_entered" from="tank/Area2D" to="tank/Area2D/Map Signal To A No Argument Signal" method="Fire"]
[connection signal="OnEvent" from="tank/Area2D/Map Signal To A No Argument Signal" to="data/health dbus" method="Add" binds= [ -10 ]]
[connection signal="OnEvent" from="tank/Area2D/Map Signal To A No Argument Signal" to="tank/art_root/AnimationTree/Animation Tree State Machine Travel - Damage" method="Execute"]
